<record xmlns="http://www.loc.gov/MARC21/slim" xmlns:xsi="http://www.w3.org/2001/XMLSchema-instance" xsi:schemaLocation="http://www.loc.gov/MARC21/slim http://www.loc.gov/standards/marcxml/schema/MARC21slim.xsd">

  <leader>00590nam a2200181   4500</leader>
  <controlfield tag="008">160418b2008    sp a|||| |||| 00| | spa d</controlfield>
  <datafield ind1=" " tag="020" ind2=" ">
    <subfield code="a">9788436821635</subfield>
  </datafield>
  <datafield ind2=" " ind1=" " tag="090">
    <subfield code="a">06.05.04</subfield>
    <subfield code="b">2309</subfield>
  </datafield>
  <datafield tag="100" ind1="1" ind2=" ">
    <subfield code="9">1545</subfield>
    <subfield code="a">Martín Domínguez, Delia</subfield>
  </datafield>
  <datafield ind2="0" tag="245" ind1="1">
    <subfield code="a">Psicomotricidad e intervención educativa / Delia Martín Domínguez</subfield>
  </datafield>
  <datafield tag="260" ind1=" " ind2=" ">
    <subfield code="a">Madrid :</subfield>
    <subfield code="b">Ediciones Pirámide,</subfield>
    <subfield code="c">2007</subfield>
  </datafield>
  <datafield ind2=" " tag="300" ind1=" ">
    <subfield code="a">227 páginas;</subfield>
    <subfield code="b">ilustraciones</subfield>
  </datafield>
  <datafield ind2=" " ind1=" " tag="490">
    <subfield code="a">Psicología. Sección pedagogía</subfield>
  </datafield>
  <datafield ind1="1" tag="650" ind2="4">
    <subfield code="9">723</subfield>
    <subfield code="a">DESARROLLO DEL NIÑO</subfield>
  </datafield>
  <datafield ind2="4" tag="650" ind1="1">
    <subfield code="9">387</subfield>
    <subfield code="a">APRENDIZAJE </subfield>
  </datafield>
  <datafield ind2="4" ind1="1" tag="650">
    <subfield code="9">1546</subfield>
    <subfield code="a">EDUCACIÓN PSICOMOTRIZ</subfield>
  </datafield>
  <datafield ind2=" " ind1=" " tag="942">
    <subfield code="2">z</subfield>
    <subfield code="c">01</subfield>
  </datafield>
  <datafield tag="999" ind1=" " ind2=" ">
    <subfield code="c">3106</subfield>
    <subfield code="d">3106</subfield>
  </datafield>
</record>